<?xml version="1.0" encoding="UTF-8"?><collection xmlns="http://www.loc.gov/MARC21/slim"><record><leader>00476nam--2200169-u-4500</leader><controlfield tag="001">000055633</controlfield><controlfield tag="002">20161230</controlfield><controlfield tag="005">20161230201052</controlfield><controlfield tag="008">130305s1000------------r-----000-0-eng-d</controlfield><datafield ind1=" " ind2=" " tag="040"><subfield code="a">IFIN-HH</subfield></datafield><datafield ind1=" " ind2=" " tag="080"><subfield code="a">53=82=40(038)</subfield></datafield><datafield ind1="1" ind2=" " tag="100"><subfield code="a">Timofeev, V.A</subfield></datafield><datafield ind1="1" ind2="0" tag="245"><subfield code="a">Dictionnaire de geologie russe-francais</subfield><subfield code="b">Russko-frantuzskii geologiceskii slovari</subfield><subfield code="c">V.a. timofeev</subfield></datafield><datafield ind1=" " ind2=" " tag="260"><subfield code="a">Moskva</subfield><subfield code="b">Ruskii Iazik</subfield><subfield code="c">1985</subfield></datafield><datafield ind1=" " ind2=" " tag="300"><subfield code="a">623P</subfield></datafield><datafield ind1=" " ind2=" " tag="852"><subfield code="a">D.676</subfield><subfield code="c">SLCH</subfield></datafield><datafield ind1=" " ind2=" " tag="CAT"><subfield code="a">Sys</subfield><subfield code="c">20130305</subfield><subfield code="h">175430</subfield></datafield></record></collection>